<record><leader>00000cas a22000007a 4500</leader><controlfield tag="001">14768990</controlfield><controlfield tag="008">861119d191819uutxuir ne      0    0eng d</controlfield><datafield ind1=" " ind2=" " tag="010"><subfield code="a">sn 86090117 </subfield></datafield><datafield ind1=" " ind2=" " tag="040"><subfield code="a">PPM</subfield><subfield code="b">eng</subfield><subfield code="c">PPM</subfield><subfield code="d">OCLCQ</subfield></datafield><datafield ind1=" " ind2=" " tag="042"><subfield code="a">msc</subfield></datafield><datafield ind1="0" ind2=" " tag="130"><subfield code="a">San Marcos times (San Marcos, Tex. : 1918)</subfield></datafield><datafield ind1="1" ind2="4" tag="245"><subfield code="a">The San Marcos times.</subfield></datafield><datafield ind1=" " ind2=" " tag="260"><subfield code="a">San Marcos, Tex. :</subfield><subfield code="b">San Marcos Print. Co.</subfield></datafield><datafield ind1=" " ind2=" " tag="300"><subfield code="a">v.</subfield></datafield><datafield ind1=" " ind2=" " tag="310"><subfield code="a">Triweekly</subfield></datafield><datafield ind1="1" ind2=" " tag="362"><subfield code="a">Began in 1918?</subfield></datafield><datafield ind1=" " ind2=" " tag="588"><subfield code="a">Description based on: Vol. 8, no. 12 (July 17, 1918).</subfield></datafield><datafield ind1=" " ind2=" " tag="752"><subfield code="a">United States</subfield><subfield code="b">Texas</subfield><subfield code="c">Hays</subfield><subfield code="d">San Marcos.</subfield></datafield><datafield ind1="0" ind2="0" tag="780"><subfield code="t">San Marcos daily times</subfield><subfield code="w">(DLC)sn 86090118</subfield></datafield></record>